% Bibliograf√≠a: Libros
% Recomiendo utilizar Google Scholar para descargar las citas de BibTeX
% https://scholar.google.com.mx/

@book{latexcompanion,
    author    = "Michel Goossens and Frank Mittelbach and Alexander Samarin",
    title     = "The \LaTeX\ Companion",
    year      = "1993",
    publisher = "Addison-Wesley",
    address   = "Reading, Massachusetts"
}

@book{jacobson2012apis,
  title={APIs: A Strategy Guide},
  author={Jacobson, D. and Brail, G. and Woods, D.},
  isbn={9781449308926},
  lccn={2012360965},
  series={Oreilly and Associate Series},
  url={https://books.google.com.mx/books?id=pLN7BxMTg7IC},
  year={2012},
  publisher={O'Reilly Media}
}

@book{richards2020fundamentals,
  title={Fundamentals of Software Architecture: An Engineering Approach},
  author={Richards, M. and Ford, N.},
  isbn={9781492043423},
  url={https://books.google.com.mx/books?id=xa7MDwAAQBAJ},
  year={2020},
  publisher={O'Reilly Media}
}

