% Bibliografía: Miscellaneous
% Recomiendo utilizar Google Scholar para descargar las citas de BibTeX
% https://scholar.google.com.mx/

@misc{knuthwebsite,
    author    = "Donald Knuth",
    title     = "Knuth: Computers and Typesetting",
    year      = "2006",
    url       = "http://www-cs-faculty.stanford.edu/\~{}uno/abcde.html"
}

@misc{UAG,
    author = "Universidad Autonóma de Guadalajara",
    title = "Guía del perfil de Usuario del Sistema de información de la Coordinación de Investigación y Desarrollo Tecnológico.",
    year = "2018"

}

